%% TDAを時系列に適用する際の，テンプレ的なデータセットの提案
@unknown{Seversky2016,
author = {M. Seversky, Lee and Davis, Shelby and Berger, Matthew},
year = {2016},
month = {06},
pages = {1014-1022},
title = {On Time-Series Topological Data Analysis: New Data and Opportunities}
}


%% TDAを用いた時系列解析のサーベイ的な？多次元に埋め込んでからPCAで3次元に落とすことを提案している
@mastersthesis{Truong2017,
   author = {Truong, Patrick},
   institution = {KTH, Mathematical Statistics},
   school = {KTH, Mathematical Statistics},
   title = {An exploration of topological properties of high-frequency one-dimensional financial time series data using TDA},
   series = {TRITA-MAT-E},
   number = {2017:80},
   year = {2017}
}


%%なんだっけこれ

@Article{Turner2014,
author="Turner, Katharine
and Mileyko, Yuriy
and Mukherjee, Sayan
and Harer, John",
title="Fr{\'e}chet Means for Distributions of Persistence Diagrams",
journal="Discrete \& Computational Geometry",
year="2014",
month="Jul",
day="01",
volume="52",
number="1",
pages="44--70",
issn="1432-0444",
doi="10.1007/s00454-014-9604-7",
url="https://doi.org/10.1007/s00454-014-9604-7"
}



%% パーシステントランドスケープの生みの親．要確認
@article{Bubenik2015,
  author  = {Peter Bubenik},
  title   = {Statistical Topological Data Analysis using Persistence Landscapes},
  journal = {Journal of Machine Learning Research},
  year    = {2015},
  volume  = {16},
  pages   = {77-102},
  url     = {http://jmlr.org/papers/v16/bubenik15a.html}
}


%% パーシステント・ホモロジーの生みの親
@article{Edelsbrunner2002,
    author="Edelsbrunner and Letscher and Zomorodian",
    title="Topological Persistence and Simplification",
    journal="Discrete \& Computational Geometry",
    year="2002",
    month="Nov",
    day="01",
    volume="28",
    number="4",
    pages="511--533",
    issn="1432-0444",
    doi="10.1007/s00454-002-2885-2",
    url="https://doi.org/10.1007/s00454-002-2885-2"
}


%% mapperの提案論文
@inproceedings{Singh2007,
  title={Topological Methods for the Analysis of High Dimensional Data Sets and 3D Object Recognition},
  author={Gurjeet Singh and Facundo M{\'e}moli and Gunnar E. Carlsson},
  booktitle={SPBG},
  year={2007}
}


%% betti sequence
@article{Umeda2017,
  title={Time Series Classification via Topological Data Analysis},
  author={Yuhei Umeda},
  journal={人工知能学会論文誌},
  volume={32},
  number={3},
  pages={1-12},
  year={2017},
  doi={10.1527/tjsai.D-G72}
}



%% DTW
@article{Berndt1996,
author = {Berndt, Donald and Clifford, James},
year = {1996},
month = {02},
pages = {229-248},
title = {Finding patterns in time series: a dynamic programming approach},
isbn = {0-262-56097-6}
}


%% ドロネー複体の計算量1
@inproceedings{Amenta2007,
  title={Complexity of Delaunay triangulation for points on lower-dimensional polyhedra},
  author={Nina Amenta and Dominique Attali and Olivier Devillers},
  booktitle={SODA},
  year={2007}
}


%%  ドロネー複体の計算量2
@article{Attali2003,
 author = {Attali, Dominique and Boissonnat, Jean-Daniel},
 title = {Complexity of the Delaunay Triangulation of Points on  Polyhedral Surfaces},
 journal = {Discrete Comput. Geom.},
 issue_date = {September 2003},
 volume = {30},
 number = {3},
 month = sep,
 year = {2003},
 issn = {0179-5376},
 pages = {437--452},
 numpages = {16},
 url = {https://doi.org/10.1007/s00454-003-2824-x},
 doi = {10.1007/s00454-003-2824-x},
 acmid = {3116987},
 publisher = {Springer-Verlag New York, Inc.},
 address = {Secaucus, NJ, USA},
}